@article{2018_guided,
  title = {Selective guided sampling with complete light transport paths},
  author = {Florian Simon and Alisa Jung and Johannes Hanika and Carsten Dachsbacher},
  journal = {Transactions on Graphics (Proceedings of SIGGRAPH Asia)},
  volume = 37,
  number = 6,
  year = 2018,
  month = dec,
  doi = {10.1145/3272127.3275030}
}