@article {2019_FluoUpsampling,
journal = {Computer Graphics Forum},
title = {{Wide Gamut Spectral Upsampling with Fluorescence}},
author = {Jung, Alisa and Wilkie, Alexander and Hanika, Johannes and Jakob, Wenzel and Dachsbacher, Carsten},
year = {2019},
publisher = {The Eurographics Association and John Wiley & Sons Ltd.},
ISSN = {1467-8659},
DOI = {10.1111/cgf.13773}
}