
        @inproceedings{10.2312:egs.20231004,
booktitle = {Eurographics 2023 - Short Papers},
editor = {Babaei, Vahid and Skouras, Melina},
title = {{Guiding Light Trees for Many-Light Direct Illumination}},
author = {Hamann, Eric and Jung, Alisa and Dachsbacher, Carsten},
year = {2023},
publisher = {The Eurographics Association},
ISSN = {1017-4656},
ISBN = {978-3-03868-209-7},
DOI = {10.2312/egs.20231004}
}
        
