@article{Jung2020Bias,
  author =       {Alisa Jung and Johannes Hanika and Carsten Dachsbacher},
  title =        {Detecting Bias in Monte Carlo Renderers using Welchâ€™s t-test},
  year =         2020,
  month =        {June},
  day =          13,
  journal =      {Journal of Computer Graphics Techniques (JCGT)},
  volume =       9,
  number =       2,
  pages =        {1--25},
  url =          {http://jcgt.org/published/0009/02/01/},
  issn =         {2331-7418}
}