@article{2022_guiding,
  author = {Vincent Sch\"u\ss ler and Johannes Hanika and Alisa Jung and Carsten Dachsbacher},
  title = {{Path Guiding with Vertex Triplet Distributions}},
  year = 2022,
  journal = {Computer Graphics Forum (Proceedings of Eurographics Symposium on Rendering)},
  volume = 41,
  number = 4,
  publisher = {The Eurographics Association and John Wiley \& Sons Ltd.},
  issn = {1467-8659},
  doi = {10.1111/cgf.14582}
}