@phdthesis{Jung2024_1000174277,
    author       = {Jung, Alisa},
    year         = {2024},
    title        = {Mollifying Realistic Image Synthesis for Time Constrained Rendering},
    doi          = {10.5445/IR/1000174277},
    publisher    = {{Karlsruher Institut für Technologie (KIT)}},
    keywords     = {Rendering, Light Transport, Monte Carlo, Regularization, Fluorescence},
    pagetotal    = {225},
    school       = {Karlsruher Institut für Technologie (KIT)},
    language     = {english}
}