@article {10.1111:cgf.13937,
journal = {Computer Graphics Forum},
title = {{Spectral Mollification for Bidirectional Fluorescence}},
author = {Jung, Alisa and Hanika, Johannes and Dachsbacher, Carsten},
year = {2020},
publisher = {The Eurographics Association and John Wiley & Sons Ltd.},
ISSN = {1467-8659},
DOI = {10.1111/cgf.13937}
}