@inproceedings {m.20201139,
booktitle = {Workshop on Material Appearance Modeling},
editor = {Klein, Reinhard and Rushmeier, Holly},
title = {{Improving Spectral Upsampling with Fluorescence}},
author = {KÃ¶nig, Lars and Jung, Alisa and Dachsbacher, Carsten},
year = {2020},
publisher = {The Eurographics Association},
ISSN = {2309-5059},
ISBN = {978-3-03868-108-3},
DOI = {10.2312/mam.20201139}
}