  @inproceedings {m.20181193,
booktitle = {Workshop on Material Appearance Modeling},
editor = {Reinhard Klein and Holly Rushmeier},
title = {{A Simple Diffuse Fluorescent BBRRDF Model}},
author = {Jung, Alisa and Hanika, Johannes and Marschner, Steve and Dachsbacher, Carsten},
year = {2018},
publisher = {The Eurographics Association},
ISSN = {2309-5059},
ISBN = {978-3-03868-055-0},
DOI = {10.2312/mam.20181193}
}